
@article{LSTM,  
	author={Chen, Kai and Zhou, Yi and Dai, Fangyan},  
	booktitle={2015 IEEE International Conference on Big Data (Big Data)},
	title={A LSTM-based method for stock returns prediction: A case study of China stock market},   
	year={2015},   
	pages={2823-2824},  
	doi={10.1109/BigData.2015.7364089}}

@article{Time-Weighted LSTM,  
author={Zhao, Zhiyong and Rao, Ruonan and Tu, Shaoxiong and Shi, Jun},  booktitle={2017 IEEE 29th International Conference on Tools with Artificial Intelligence (ICTAI)},   
title={Time-Weighted LSTM Model with Redefined Labeling for Stock Trend Prediction},   
year={2017},  
volume={},  
number={},  
pages={1210-1217},  
doi={10.1109/ICTAI.2017.00184}}

@article{RNN,
	Author = {Luca Di Persio, Oleksandr Honchar},
	Date-Added = {2020-02-22 15:13:10 -0800},
	Keywords = {RNN},
	Month = {02},
	Title = {Recurrent neural networks approach to the
financial forecast of Google assets},
	Url = {https://www.naun.org/main/NAUN/mcs/2017/a042002-041.pdf},
	Year = {2017}}

